@article{DBLP:journals/corr/HersheyCRW15,
  author    = {John R. Hershey and
               Zhuo Chen and
               Jonathan Le Roux and
               Shinji Watanabe},
  title     = {Deep clustering: Discriminative embeddings for segmentation and separation},
  journal   = {CoRR},
  volume    = {abs/1508.04306},
  year      = {2015},
  url       = {http://arxiv.org/abs/1508.04306},
  archivePrefix = {arXiv},
  eprint    = {1508.04306},
  timestamp = {Mon, 13 Aug 2018 16:46:39 +0200},
  biburl    = {https://dblp.org/rec/bib/journals/corr/HersheyCRW15},
  bibsource = {dblp computer science bibliography, https://dblp.org}
}
@article{DBLP:journals/corr/KolbaekYTJ17,
  author    = {Morten Kolb{\ae}k and
               Dong Yu and
               Zheng{-}Hua Tan and
               Jesper Jensen},
  title     = {Multi-talker Speech Separation and Tracing with Permutation Invariant
               Training of Deep Recurrent Neural Networks},
  journal   = {CoRR},
  volume    = {abs/1703.06284},
  year      = {2017},
  url       = {http://arxiv.org/abs/1703.06284},
  archivePrefix = {arXiv},
  eprint    = {1703.06284},
  timestamp = {Mon, 13 Aug 2018 16:46:03 +0200},
  biburl    = {https://dblp.org/rec/bib/journals/corr/KolbaekYTJ17},
  bibsource = {dblp computer science bibliography, https://dblp.org}
}
@article{DBLP:journals/corr/YuKTJ16,
  author    = {Dong Yu and
               Morten Kolb{\ae}k and
               Zheng{-}Hua Tan and
               Jesper Jensen},
  title     = {Permutation Invariant Training of Deep Models for Speaker-Independent
               Multi-talker Speech Separation},
  journal   = {CoRR},
  volume    = {abs/1607.00325},
  year      = {2016},
  url       = {http://arxiv.org/abs/1607.00325},
  archivePrefix = {arXiv},
  eprint    = {1607.00325},
  timestamp = {Mon, 13 Aug 2018 16:46:46 +0200},
  biburl    = {https://dblp.org/rec/bib/journals/corr/YuKTJ16},
  bibsource = {dblp computer science bibliography, https://dblp.org}
}
@ELECTRONIC{garofolo:wsj0,
  author = {John S. Garofolo and
            David Graff and
            Doug Paul and
            David Pallett},
  year = {1993},
  title = {CSR-I (WSJ0) Complete LDC93S6A},
  language = {English},
  howpublished = {https://catalog.ldc.upenn.edu/ldc93s6a},
  url = {https://catalog.ldc.upenn.edu/ldc93s6a},
  doi = {LDC93S6A},
  institution = {Linguistic Data Consortium},
  timestamp = {2018.10.07}
}
@ELECTRONIC{garofolo:timit,
  author = {John S. Garofolo and Lori F. Lamel and William M. Fisher and Jonathan G. Fiscus and David S. Pallett and Nancy L. Dahlgren and Victor Zue},
  year = {1993},
  title = {TIMIT Acoustic-Phonetic Continuous Speech Corpus LDC93S1},
  language = {English},
  howpublished = {https://catalog.ldc.upenn.edu/LDC93S1},
  url = {https://catalog.ldc.upenn.edu/LDC93S1},
  doi = {LDC93S1},
  institution = {Linguistic Data Consortium},
  timestamp = {2018.10.07}
}
