@Misc{WSJintro,
title = {{CSR-I (WSJ0)} {C}omplete},
howpublished = {Web Download},
note = {Garofolo, John S., et al. CSR-I (WSJ0) Complete LDC93S6A. Philadelphia: Linguistic Data Consortium, 1993}},
}

@Misc{Segmentation,
title = {{Unsupervised Speaker Diarization}},
howpublished = {Web Download},
note = {Akshay kumar,Anurendra Kumar,Unsupervised Speaker Diarization}},
}

@Misc{ClassNMF,
title = {{Minje Kim, ENGR-E} 511 {Machine Learning for Signal Processing, Module 04: Dimension Reduction, Slides 34-37 (Fall 2018})},
howpublished = {Web Download},
note = {{https://iu.instructure.com/courses/1737711/files/83333078?module\_item\_ id=17726720}
}},
}


@Misc{WSJmix,
title = {{Mitsubishi Electric Research Laboratories (MERL)}},
howpublished = {Web Download},
note = {http://www.merl.com/demos/deep-clustering/create-speaker-mixtures.zip
}},
}

@article{DBLP:journals/corr/abs-1708-07524,
  author    = {DeLiang Wang and
               Jitong Chen},
  title     = {Supervised Speech Separation Based on Deep Learning: An Overview},
  journal   = {CoRR},
  volume    = {abs/1708.07524},
  year      = {2017},
  url       = {http://arxiv.org/abs/1708.07524},
  archivePrefix = {arXiv},
  eprint    = {1708.07524},
  timestamp = {Mon, 13 Aug 2018 16:47:27 +0200},
  biburl    = {https://dblp.org/rec/bib/journals/corr/abs-1708-07524},
  bibsource = {dblp computer science bibliography, https://dblp.org}
}
@article{DBLP:journals/corr/HersheyCRW15,
  author    = {John R. Hershey and
               Zhuo Chen and
               Jonathan Le Roux and
               Shinji Watanabe},
  title     = {Deep clustering: Discriminative embeddings for segmentation and separation},
  journal   = {CoRR},
  volume    = {abs/1508.04306},
  year      = {2015},
  url       = {http://arxiv.org/abs/1508.04306},
  archivePrefix = {arXiv},
  eprint    = {1508.04306},
  timestamp = {Mon, 13 Aug 2018 16:46:39 +0200},
  biburl    = {https://dblp.org/rec/bib/journals/corr/HersheyCRW15},
  bibsource = {dblp computer science bibliography, https://dblp.org}
}
@article{DBLP:journals/corr/KolbaekYTJ17,
  author    = {Morten Kolb{\ae}k and
               Dong Yu and
               Zheng{-}Hua Tan and
               Jesper Jensen},
  title     = {Multi-talker Speech Separation and Tracing with Permutation Invariant
               Training of Deep Recurrent Neural Networks},
  journal   = {CoRR},
  volume    = {abs/1703.06284},
  year      = {2017},
  url       = {http://arxiv.org/abs/1703.06284},
  archivePrefix = {arXiv},
  eprint    = {1703.06284},
  timestamp = {Mon, 13 Aug 2018 16:46:03 +0200},
  biburl    = {https://dblp.org/rec/bib/journals/corr/KolbaekYTJ17},
  bibsource = {dblp computer science bibliography, https://dblp.org}
}
@article{DBLP:journals/corr/YuKTJ16,
  author    = {Dong Yu and
               Morten Kolb{\ae}k and
               Zheng{-}Hua Tan and
               Jesper Jensen},
  title     = {Permutation Invariant Training of Deep Models for Speaker-Independent
               Multi-talker Speech Separation},
  journal   = {CoRR},
  volume    = {abs/1607.00325},
  year      = {2016},
  url       = {http://arxiv.org/abs/1607.00325},
  archivePrefix = {arXiv},
  eprint    = {1607.00325},
  timestamp = {Mon, 13 Aug 2018 16:46:46 +0200},
  biburl    = {https://dblp.org/rec/bib/journals/corr/YuKTJ16},
  bibsource = {dblp computer science bibliography, https://dblp.org}
}
@article{DBLP:journals/corr/IsikRCWH16,
  author    = {Yusuf Isik and
               Jonathan Le Roux and
               Zhuo Chen and
               Shinji Watanabe and
               John R. Hershey},
  title     = {Single-Channel Multi-Speaker Separation using Deep Clustering},
  journal   = {CoRR},
  volume    = {abs/1607.02173},
  year      = {2016},
  url       = {http://arxiv.org/abs/1607.02173},
  archivePrefix = {arXiv},
  eprint    = {1607.02173},
  timestamp = {Mon, 13 Aug 2018 16:48:52 +0200},
  biburl    = {https://dblp.org/rec/bib/journals/corr/IsikRCWH16},
  bibsource = {dblp computer science bibliography, https://dblp.org}
}
